@Manual{R-base,
  title = {R: A Language and Environment for Statistical Computing},
  author = {{R Core Team}},
  organization = {R Foundation for Statistical Computing},
  address = {Vienna, Austria},
  year = {2021},
  url = {https://www.R-project.org/},
}

@Manual{R-renv,
  title = {renv: Project Environments},
  author = {Kevin Ushey},
  year = {2022},
  note = {R package version 0.15.5},
  url = {https://CRAN.R-project.org/package=renv},
}

@Article{R-tidyverse,
    title = {Welcome to the {tidyverse}},
    author = {Hadley Wickham and Mara Averick and Jennifer Bryan and Winston Chang and Lucy D'Agostino McGowan and Romain François and Garrett Grolemund and Alex Hayes and Lionel Henry and Jim Hester and Max Kuhn and Thomas Lin Pedersen and Evan Miller and Stephan Milton Bache and Kirill Müller and Jeroen Ooms and David Robinson and Dana Paige Seidel and Vitalie Spinu and Kohske Takahashi and Davis Vaughan and Claus Wilke and Kara Woo and Hiroaki Yutani},
    year = {2019},
    journal = {Journal of Open Source Software},
    volume = {4},
    number = {43},
    pages = {1686},
    doi = {10.21105/joss.01686},
}

@Manual{R-papaja,
  title = {{papaja}: {Prepare} reproducible {APA} journal articles with {R Markdown}},
  author = {Frederik Aust and Marius Barth},
  year = {2020},
  note = {R package version 0.1.0.9997},
  url = {https://github.com/crsh/papaja},
}

@Manual{R-extrafont,
  title = {extrafont: Tools for Using Fonts},
  author = {Winston Chang},
  year = {2022},
  note = {R package version 0.18},
  url = {https://CRAN.R-project.org/package=extrafont},
}

@Manual{R-waffle,
  title = {waffle: Create Waffle Chart Visualizations},
  author = {Bob Rudis and Dave Gandy},
  year = {2019},
  note = {R package version 1.0.1},
  url = {https://gitlab.com/hrbrmstr/waffle},
}

@Manual{R-daff,
  title = {daff: Diff, Patch and Merge for Data.frames},
  author = {Paul Fitzpatrick and Edwin {de Jonge} and Gregory R. Warnes},
  year = {2019},
  note = {R package version 0.3.5},
  url = {https://CRAN.R-project.org/package=daff},
}
@misc{debruine2021,
	title = {faux: {Simulation} for {Factorial} {Designs}},
	copyright = {MIT + file LICENSE},
	shorttitle = {faux},
	url = {https://CRAN.R-project.org/package=faux},
	abstract = {Create datasets with factorial structure through simulation by specifying variable parameters. Extended documentation at {\textless}https://debruine.github.io/faux/{\textgreater}. Described in DeBruine (2020) {\textless}doi:10.5281/zenodo.2669586{\textgreater}.},
	urldate = {2022-10-25},
	author = {DeBruine, Lisa and Krystalli, Anna and Heiss, Andrew},
	month = sep,
	year = {2021},
}
@misc{qiu2021,
	title = {{powerMediation}: {Power}/{Sample} {Size} {Calculation} for {Mediation} {Analysis}},
	copyright = {GPL-2 {\textbar} GPL-3 [expanded from: GPL (≥ 2)]},
	shorttitle = {{powerMediation}},
	url = {https://CRAN.R-project.org/package=powerMediation},
	abstract = {Functions to calculate power and sample size for testing (1) mediation effects; (2) the slope in a simple linear regression; (3) odds ratio in a simple logistic regression; (4) mean change for longitudinal study with 2 time points; (5) interaction effect in 2-way ANOVA; and (6) the slope in a simple Poisson regression.},
	urldate = {2022-10-25},
	author = {Qiu, Weiliang},
	month = mar,
	year = {2021},
}
